@book{Kane-Heinrich92,
  author={Gerry Kane and Joe Heinrich},
  title={{MIPS RISC} architectures},
  year={1992},
  publisher={Prentice-Hall, Inc.}
}

@Manual{GNUMake,
  title = 	 {GNU Make Manual},
  key = 	 {GNUMake},
  organization = {Free Software Foundation},
  month = 	 {Feb},
  year = 	 2023,
  note = 	 {\url{https://www.gnu.org/software/make/manual/}}
}
